%% http://gking.harvard.edu/files/natnotes2.pdf
%% http://tex.stackexchange.com/questions/101696/formatting-multiple-references-containing-the-same-author
%% http://tex.stackexchange.com/questions/120722/how-to-modify-a-bibliography-style-to-surround-titles-in-quotes-in-a-bibliograph
\Sort{
  Mode{on}
  Collation{mixed}
  SortTypeOrder{key,name}
  NameOrder{descending}
  Key{{author,editor}}
  KeyOrder{ascending,nulls first}
  StringSort{ascending}
}



% this is a key that must be unique in your reference list ...
% Google scholar may not get it correct ...



@Misc{Cui:2020,
  author = {{Cui Y}},
  title	= {{The Iris Dataset - A Little Bit of History and Biology}},
  institution =	 {{Towards Data Science}},
  howpublished = {(Accessed: September 6, 2020)},
note = {\\ {\tiny \url{https://bit.ly/2S6kXLj}}}
}


@Misc{Dua:2019,
  year= 2019,
  author = {{Dua D and Graff C}},
  title	= {{UCI Machine Learning Repository}},
  institution =	 {{University of California, School of Information and Computer Science.}},
  howpublished = {(Accessed: September 6, 2020)},
note = {\\ {\tiny \url{https://bit.ly/2GepoAV}}}
}	

@Misc{Wikipedia:IRIS,
  year = 2020,
  author = {{Wikipedia}},
  title	= {{Iris flower data set}},
  institution =	 {{Wikipedia, The Free Encyclopedia}},
  howpublished = {(Accessed: September 8, 2020)},
note = {\\ {\tiny \url{https://bit.ly/3ifqFFg}}}
}
	






