
%% http://gking.harvard.edu/files/natnotes2.pdf
%% http://tex.stackexchange.com/questions/101696/formatting-multiple-references-containing-the-same-author
%% http://tex.stackexchange.com/questions/120722/how-to-modify-a-bibliography-style-to-surround-titles-in-quotes-in-a-bibliograph
\Sort{
  Mode{on}
  Collation{mixed}
  SortTypeOrder{key,name}
  NameOrder{descending}
  Key{{author,editor}}
  KeyOrder{ascending,nulls first}
  StringSort{ascending}
}



% this is a key that must be unique in your reference list ...
% Google scholar may not get it correct ...

@article{Maleki:2019,
	title = {Influences of gender, hand dominance, and anthropometric characteristics on different types of pinch strength: A partial least squares (PLS) approach},
	volume = {79},
	doi = {https://doi.org/10.1016/j.apergo.2019.04.002},
	pages = {9--16},
	journal = {Appl Econ},
	author = {Maleki-Ghahfarokhi, Azam and Dianat, Iman and Feizi, Hossein and Asghari -Jafarabadi, Mohammad},
	year = {2019}
}

@article{Thomas:2020,
	title = {Revisiting Leonardo da Vinci’s Vitruvian Man Using Contemporary Measurements},
	volume = {323},
	issn = {0098-7484},
	url = {https://jamanetwork.com/journals/jama/fullarticle/2766854},
	doi = {10.1001/jama.2020.3501},
	language = {en},
	number = {22},
	urldate = {2020-11-05},
	journal = {JAMA},
	author = {Thomas, Diana M. and Galbreath, David and Boucher, Maura and Watts, Krista},
	month = jun,
	year = {2020},
	pages = {2342},
	file = {Thomas et al. - 2020 - Revisiting Leonardo da Vinci’s Vitruvian Mani.pdf:/Users/lindseykornowske/Zotero/storage/WRE5VQYJ/Thomas et al. - 2020 - Revisiting Leonardo da Vinci’s Vitruvian Mani.pdf:application/pdf}
}

@article{Ozimek:2017,
	title = {The role of physique, strength and endurance in the achievements of elite climbers},
	volume = {12},
	issn = {1932-6203},
	url = {https://dx.plos.org/10.1371/journal.pone.0182026},
	doi = {10.1371/journal.pone.0182026},
	abstract = {Purpose The primary aim of this study is to determine the principal somatic and motor determinants for elite climbers.},
	language = {en},
	number = {8},
	urldate = {2020-11-05},
	journal = {PLOS ONE},
	author = {Ozimek, Mariusz and Rokowski, Robert and Draga, Paweł and Ljakh, Vladimir and Ambroży, Tadeusz and Krawczyk, Marcin and Ręgwelski, Tomasz and Stanula, Arkadiusz and Görner, Karol and Jurczak, Adam and Mucha, Dariusz},
	editor = {Earnest, Conrad P.},
	month = aug,
	year = {2017},
	pages = {e0182026},
	file = {Ozimek et al. - 2017 - The role of physique, strength and endurance in th.pdf:/Users/lindseykornowske/Zotero/storage/J3MV73TG/Ozimek et al. - 2017 - The role of physique, strength and endurance in th.pdf:application/pdf}
}


@article{Watts:2003,
	title = {Anthropometry of young competitive sport rock climbers},
	volume = {37},
	issn = {0306-3674},
	url = {https://bjsm.bmj.com/lookup/doi/10.1136/bjsm.37.5.420},
	doi = {10.1136/bjsm.37.5.420},
	language = {en},
	number = {5},
	urldate = {2020-11-05},
	journal = {British Journal of Sports Medicine},
	author = {Watts, P B},
	month = oct,
	year = {2003},
	pages = {420--424},
	file = {Watts - 2003 - Anthropometry of young competitive sport rock clim.pdf:/Users/lindseykornowske/Zotero/storage/R2L4GL2P/Watts - 2003 - Anthropometry of young competitive sport rock clim.pdf:application/pdf}
}

@Misc{99Boulders,
	title = {Ape Index Calculator: What’s Your Ape Index?},
	author = {Beale, A},
	year = {n.d.},
	institution = {99Boulders},
	howpublished = {(Accessed: October 7, 2020)},
	note = {\\ {\tiny \url{https://www.99boulders.com/ape-index-calculator}}}
}

@Misc{youtube,
	title = {Adam Ondra 38: What is the best body type for climbing?},
	year = {2019},
	institution = {YouTube},
	author = {Ondra, A},
	note = {\\ {\tiny \url{https://www.youtube.com/watch?v=yFfkOM8RgAU}}}
}

@misc{GymClimber2019a,
	title = "Natalia Grossman",
	author = "{gymclimber.com}",
	year = {2019},
	howpublished = {(Accessed: October 7, 2020)},
	note = {\\ {\tiny \url{https://www.gymclimber.com/natalie-grossman/}}}
}


@Misc{Sportiva,
	title = {Kyra Condie},
	author = {La Sportiva},
	year = {n.d.},
	howpublished = {(Accessed: October 7, 2020)},
	note = {\\ {\tiny \url{https://www.sportiva.com/kyra-condie/}}}
}

	